@misc{ATmega328P,
    title           = {{AT}mega328{P} Datasheet},
    author          = {Atmel},
    howpublished    = {\url{http://ww1.microchip.com/downloads/en/DeviceDoc/Atmel-7810-Automotive-Microcontrollers-ATmega328P_Datasheet.pdf}}
}

@misc{avrNOP,
    title = {avr/cpufunc},
    author = {AVR-libc},
    howpublished = {\url{https://www.nongnu.org/avr-libc/user-manual/group__avr__cpufunc.html}},
}

@misc{avrDelayBasic,
    title = {util/delay\_basic},
    author = {AVR-libc},
    howpublished = {\url{https://www.nongnu.org/avr-libc/user-manual/group__util__delay__basic.html}},
}

@misc{avrDelay,
    title = {util/delay},
    author = {AVR-libc},
    howpublished = {\url{https://www.nongnu.org/avr-libc/user-manual/group__util__delay.html}},
}

@misc{avrInterrupt,
    title = {avr/interrupt},
    author = {AVR-libc},
    howpublished = {\url{https://www.nongnu.org/avr-libc/user-manual/group__avr__interrupts.html}},
}

@misc{arduinoDelay,
    title = {delay{M}icroseconds},
    author = {Arduino Core Library},
    howpublished = {\url{https://www.arduino.cc/reference/en/language/functions/time/delaymicroseconds/}},
}

@misc{arduinoInterrupt,
    title = {attach{I}nterrupt},
    author = {Arduino Core Library},
    howpublished = {\url{https://www.arduino.cc/reference/en/language/functions/external-interrupts/attachinterrupt/}},
}

@misc{i2cAdapter,
    title = {{I2C} Serial Interface 1602 {LCD} Module Datasheet},
    author = {Handson Technology},
    howpublished = {\url{http://www.handsontec.com/dataspecs/module/I2C_1602_LCD.pdf}},
}

@misc{lcd1602,
    title = {{HD44780U} Dot Matrix Liquid Crystal Display Controller/Driver Datasheet},
    author = {Hitachi},
    howpublished = {\url{https://www.sparkfun.com/datasheets/LCD/HD44780.pdf}},
}